@article{joyeux2019visual,
  title={Visual Contagions, the Art Historian, and the Digital Strategies to Work on Them},
  author={Joyeux-Prunel, B.},
  journal={Artl@s Bulletin},
  volume={8},
  number={3},
  pages={8},
  year={2019},
  url={https://docs.lib.purdue.edu/artlas/vol8/iss3/8/}
}

@book{ellenberger1970discovery,
  title={The discovery of the unconscious: The history and evolution of dynamic psychiatry},
  author={Ellenberger, Henri F.},
  volume={1},
  year={1970},
  publisher={Basic books New York}
}

@article{teive2022thomas,
  title={Thomas Willis’ legacy on the 400\textsuperscript{th} anniversary of his birth},
  author={Teive, H. A. G. and Coutinho, L. and Camargo, C. H. F. and Munhoz, R. P. and Walusinski, O.},
  journal={Arquivos de Neuro-Psiquiatria},
  volume={80},
  pages={759--762},
  year={2022},
  publisher={SciELO Brasil},
  doi={10.1055/s-0042-1755278}
}

@inproceedings{manjavacas2019,
    title = "On the Feasibility of Automated Detection of Allusive Text Reuse",
    author = "Manjavacas, E. and
      Long, B. and
      Kestemont, M.",
    booktitle = "Proceedings of the 3rd Joint {SIGHUM} Workshop on Computational Linguistics for Cultural Heritage, Social Sciences, Humanities and Literature",
    year = "2019",
    address = "Minneapolis, USA",
    publisher = "Association for Computational Linguistics",
    doi = "10.18653/v1/W19-2514",
    pages = "104--114"
}

@book{marmion2015freud,
  title={Freud et la psychanalyse},
  author={Marmion, J.-F.},
  year={2015},
  publisher={Sciences Humaines},
  url={https://www.cairn.info/freud-et-la-psychanalyse--9782361063542-page-22.htm}
}

@article{koehler2013charcot,
  title={Charcot, La Salpêtrière, and Hysteria as Represented in European Literature},
  author={Koehler, P. J.},
  journal={Progress in Brain Research},
  volume={206},
  pages={93--122},
  year={2013},
  publisher={Elsevier},
  doi={10.1016/B978-0-444-63364-4.00023-5}
}

@inproceedings{gabay2021katabase,
  title={Katabase: {\`A} la recherche des manuscrits vendus},
  author={Gabay, S. and Petkovic, Lj. and Bartz, A. and Levenson, M. G. and Du Noyer, L. R.},
  booktitle={Humanistica 2021},
  year={2021},
  url={https://hal.science/hal-03066108/document}
}

@incollection{bogousslavsky,
    author = {Bogousslavsky, J.},
    isbn = {978-3-8055-9556-8},
    title = "{Hysteria after Charcot: Back to the Future}",
    booktitle = "{Following Charcot: A Forgotten History of Neurology and Psychiatry}",
    publisher = {S.Karger AG},
    year = {2010},
    doi = {10.1159/000321783}
}

@article{camargo,
author = {Camargo, C. H. and Teixeira Marques, P. and Oliveira, L. and Germiniani, F. and de Paola, L. and Teive, H.},
year = {2018},
pages = {40-46},
title = {Jean-Martin Charcot's influence on Career of Sigmund Freud, and the Influence of this Meeting for the Brazilian Medicine},
volume = {54},
journal = {Revista Brasileira de Neurologia},
url = {https://docs.bvsalud.org/biblioref/2018/07/907032/revista542v4-artigo6.pdf}
}

@misc{devlin2019bert,
      title={BERT: Pre-training of Deep Bidirectional Transformers for Language Understanding}, 
      author={Jacob Devlin and Ming-Wei Chang and Kenton Lee and Kristina Toutanova},
      year={2019},
      eprint={1810.04805},
      archivePrefix={arXiv},
      primaryClass={cs.CL}
}

@book{charcot1890oeuvres,
  title={Œuvres compl{\`e}tes de J.-M. Charcot : Le{\c{c}}ons sur les maladies du syst{\`e}me nerveux},
  author={Charcot, J.-M.},
  volume={1},
  year={1892},
  publisher={Bureaux du Progr{\`e}s m{\'e}dical},
  url={https://patrimoine.sorbonne-universite.fr/viewer/3468/?offset=1#page=2&viewer=picture&o=&n=0&q=},
  address={Paris}
}

@article{vaswani2021,
  author       = {Vaswani, A. and
                  Noam Shazeer and
                  Niki Parmar and
                  Jakob Uszkoreit and
                  Llion Jones and
                  Aidan N. Gomez and
                  Lukasz Kaiser and
                  Illia Polosukhin},
  title        = {Attention Is All You Need},
  journal      = {CoRR},
  volume       = {abs/1706.03762},
  year         = {2017},
  url          = {http://arxiv.org/abs/1706.03762},
  eprinttype    = {arXiv},
  eprint       = {1706.03762}
}

@book{koyre1957closed,
  title={From the closed world to the infinite universe},
  author={Koyr{\'e}, Alexandre},
  volume={1},
  year={1957},
  publisher={Baltimore, Johns Hopkins Press},
  note={\url{https://archive.org/details/fromclosedworldt0000koyr/page/n13/mode/2up?q=revolution}}
}


@book{kuhn1962structure,
  title={La structure des r{\'e}volutions scientifiques},
  author={Kuhn, T. S.},
  year={1962},
  publisher={Flammarion Paris},
  note={Traduit par Laure Meyer, \url{https://kupdf.net/download/la-structure-des-r-eacute-volutions-scientifiques-thomas-s-kuhn_590217dadc0d60c957959eb4_pdf}}
}

@misc{amiri,
      title={T.S. Kuhn}, 
      author={Amiri, V. V.},
      year={2012},
      howpublished={\url{https://histoirephilosciences.wordpress.com/depuis-le-20eme-siecles/une-nouvelle-epistemologie/t-s-kuhn/}}
}

@book{bachelard1934formation,
  title={La formation de l'esprit scientifique: contribution {\`a} une psychanalyse de la connaissance},
  author={Bachelard, G.},
  year={1934},
  publisher={Vrin},
  note={\url{https://gastonbachelard.org/wp-content/uploads/2015/07/formation_esprit.pdf}}
}

@book{willispathologiae,
  title={Pathologiae cerebri et nervosi generis specimen.},
  author={Willis, T.},
  year={1667/1681},
  note={\textit{\href{https://quod.lib.umich.edu/e/eebo/A66496.0001.001?rgn=main;view=fulltext}{An essay of the pathology of the brain and nervous stock in which convulsive diseases are treated of}} (trad. par Samuel Pordage)}
}

@book{varolio1969nervis,
  title={De nervis opticis nonnullisq: aliis praeter communem opinionem in humano capite obseruatis},
  author={Varolio, C.},
  year={1573},
  publisher={Patavii : apud P. et A. Meiettos fratres},
  note={\url{https://gallica.bnf.fr/ark:/12148/bpt6k325486q}}
}


@incollection{pirlot2019approche,
  author      = "Pirlot, G. and Cupa, D.",
  title       = "Chapitre 5. Névrose hystérique (et psychose hystérique)",
  editor      = "Pirlot, G. and Cupa, D.",
  booktitle   = "Approche psychanalytique des troubles psychiques-2e {\'e}d.",
  publisher   = "Paris : Dunod",
  year        = 2019,
  pages       = "31-54",
  chapter     = 5,
  note		  = {\url{https://www.cairn.info/approche-psychanalytique-des-troubles-psychiques--9782100785421-page-31.htm}}
}

@incollection{lanouziere2013,
  author      = "Lanouzière, J.",
  title       = "Hystérie et féminité",
  editor      = "Chabert, C.",
  booktitle   = "Les névroses: Traité de psychopathologie de l'adulte",
  publisher   = "Paris : Dunod",
  year        = 2013,
  pages       = "59-142",
  chapter     = 2,
  note		  = {\url{https://www.cairn.info/les-nevroses--9782100594061-page-59.htm}}
  }
  
@article{tasca2012women,
  title={Women and hysteria in the history of mental health},
  author={Tasca, C. and Rapetti, M. and Carta, M. G. and Fadda, B.},
  journal={Clinical practice and epidemiology in mental health: CP \& EMH},
  volume={8},
  pages={110},
  year={2012},
  publisher={Bentham Science Publishers},
  note={\url{https://doi.org/10.2174/1745017901208010110}}
}

@book{lepois1618,
  title={Selectiorum observationum et consiliorum de praetervisis hactenus morbis affectibusque praeter naturum, ab aqua seu serosa colluvie et diluvie ortis, liber singularis},
  author={Le Pois, C.},
  year={1618},
  publisher={Authore Carolo Pisone, Ponte ad Monticulum, apud Carolum Mercatorem},
  note={\url{https://archive.org/details/BIUSante_05814/page/n3/mode/2up}}
}

@book{charcot1870,
  title={Manuscrit n° 3 : leçons (Manuscrits des leçons et observations de J.M. Charcot)},
  author={Charcot, J.-M.},
  year={1870},
  publisher={Bibliothèque de Sorbonne Université (BSU) -- Bibliothèque Charcot},
  note={\url{https://patrimoine.sorbonne-universite.fr/fonds/item/3622-manuscrit-n-3-lecons}}
}

@article{camargo2024jean,
  title={Jean-Martin Charcot: the polymath},
  author={Camargo, C. H. F. and Coutinho, L. and Correa Neto, Y. and Engelhardt, E. and Maranh{\~a}o Filho, P. and Walusinski, O. and Teive, H. A. G.},
  journal={Arquivos de Neuro-psiquiatria},
  volume={81},
  pages={1098--1111},
  year={2024},
  publisher={SciELO Brasil},
  note={\url{https://doi.org/10.1055%2Fs-0043-1775984}}
}

@book{oseki2007,
  title={De Walter Benjamin à nos jours : essais de traductologie},
  author={Oseki-Dépré, I.},
  year={2007},
  publisher={Paris : Honoré Champion},
  note={\url{https://www.honorechampion.com/fr/editions-honore-champion/6831-book-08531497-9782745314970.html}}
}


@misc{simha,
      title={Understanding TF-IDF for Machine Learning}, 
      author={Simha, A},
      year={\textit{s.d.}},
      howpublished={\url{https://www.capitalone.com/tech/machine-learning/understanding-tf-idf/}}
}

@book{kant1863,
  title={Anthropologie d'un point de vue pragmatique \normalfont{(trad. J. Tissot)}},
  author={Kant, {\'E}mmanuel},
  year={1863},
  publisher={Librairie Ladrange (originalement publié en 1798)},
  note={\url{https://fr.wikisource.org/wiki/Anthropologie_d\%E2\%80\%99un_point_de_vue_pragmatique}}
}